<?xml version="1.0" encoding="UTF-8"?><collection xmlns="http://www.loc.gov/MARC21/slim"><record><leader>00394nam--2200133-i-4500</leader><controlfield tag="001">000006807</controlfield><controlfield tag="002">20161230</controlfield><controlfield tag="005">20161230201027</controlfield><controlfield tag="008">060222s1000------------r-----000-0-eng-d</controlfield><datafield ind1=" " ind2=" " tag="100"><subfield code="a">Schwartz, Laurent</subfield></datafield><datafield ind1=" " ind2=" " tag="245"><subfield code="a">Collection enseignement des sciences. methodes mathematiques pour les sciences physiques</subfield></datafield><datafield ind1=" " ind2=" " tag="260"><subfield code="a">Paris, Hermann</subfield></datafield><datafield ind1=" " ind2=" " tag="490"><subfield code="a">Collection Enseignement Des Sciences</subfield></datafield><datafield ind1=" " ind2=" " tag="852"><subfield code="a">19802</subfield></datafield></record></collection>